@article{Jones2017,
    title = {{Leveraging community sport organizations to promote community capacity: Strategic outcomes, challenges, and theoretical considerations}},
    year = {2017},
    journal = {Sport Management Review},
    author = {Jones, Gareth J. and Edwards, Michael B. and Bocarro, Jason N. and Bunds, Kyle S. and Smith, Jordan W.},
    publisher = {Sport Management Association of Australia and New Zealand},
    url = {http://dx.doi.org/10.1016/j.smr.2017.07.006},
    doi = {10.1016/j.smr.2017.07.006},
    issn = {14413523},
    keywords = {Case study, Community capacity, Community development, Community sport, Sport-for-development}
}

@article{Liu2017,
    title = {{Group consensus for a class of discrete-time heterogeneous multi-agent systems in directed topology}},
    year = {2017},
    journal = {Proceedings - 2017 32nd Youth Academic Annual Conference of Chinese Association of Automation, YAC 2017},
    author = {Liu, Bo and Zhang, Yanxin and Liu, Fangcui Jiang Lei and Gao, Yanping},
    pages = {376--381},
    isbn = {9781538629017},
    doi = {10.1109/YAC.2017.7967437},
    keywords = {Directed Topology, Group Consensus, Heterogeneous Multi-agent Systems}
}